% ------------------------------------------------------------------------
% INTRODUÇÃO
% ------------------------------------------------------------------------
% ---------------------------------
% TEMA
% ---------------------------------
% (CORPORATION, 2016) = manual de otimização da Intel.
@manual{
    Intel2016Architectures,
	Author = {Intel Corporation},
	Date-Added = {2016-06},
	Date-Modified = {2016-06},
	Month = {Jun.},
	Title = {Intel® 64 and IA-32 Architectures Optimization Reference Manual},
	Url = {https://www.intel.com/content/dam/www/public/us/en/documents/manuals/64-ia-32-architectures-optimization-manual.pdf},
	Urlaccessdate = {02 jun. 2019},
	Year = {2016},
	Bdsk-Url-1 = {https://www.intel.com/content/dam/www/public/us/en/documents/manuals/64-ia-32-architectures-optimization-manual.pdf}
}
% Horn (2018) = artigo da Google Project Zero.
@misc{
    Jann2018Reading,
    Author = {Jann Horn},
    Date-Added = {2018-01-03},
    Date-Modified = {2018-01-03},
    Howpublished = {Google Project Zero},
    Keywords = {googleprojectzero},
    Title = {Reading privileged memory with a side-channel},
    Url = {https://googleprojectzero.blogspot.com/2018/01/reading-privileged-memory-with-side.html},
    Urlaccessdate = {15 set 2018},
    Year = {2018},
    Bdsk-Url-1 = {https://googleprojectzero.blogspot.com/}
}
% (KOCHER et al., 2019) = artigo do site oficial.
@inproceedings{
    Kocher2018Spectre,
    author = {Paul Kocher and Jann Horn and Anders Fogh and and Daniel Genkin and Daniel Gruss and Werner Haas and Mike Hamburg and Moritz Lipp and Stefan Mangard and Thomas Prescher and Michael Schwarz and Yuval Yarom},
    title = {Spectre Attacks: Exploiting Speculative Execution},
    booktitle = {40th IEEE Symposium on Security and Privacy (S\&P'19)},
    year = {2019}
}
% ---------------------------------
% JUSTIFICATIVA
% ---------------------------------
% Britannica (2011) = siginificado de axioma.
@misc{
    Encyclopaedia2011Axiom,
    Author = {The Editors of Encyclopaedia Britannica},
    Date-Added = {2011-09-26},
    Date-Modified = {2011-09-26},
    Howpublished = {Encyclopaedia Britannica, Inc.},
    Title = {Axiom},
    Url = {https://www.britannica.com/topic/axiom},
    Urlaccessdate = {25 mai 2019},
    Year = {2011},
    Bdsk-Url-1 = {https://www.britannica.com/}
}
% (TECHNOLOGY, 2018) = site oficial de atualizações.
@misc{
    Graz2018Meltdown,
	Author = {Graz University of Technology},
	Date-Added = {2018-01-02 08:23:00 +0000},
	Date-Modified = {2018-03-23 17:57:00 +0000},
	Howpublished = {Graz University of Technology},
	Keywords = {meltdownattack, spectreattack},
	Title = {Meltdown and Spectre},
	Url = {https://meltdownattack.com/},
	Urlaccessdate = {15 set 2018},
	Year = {2018},
	Bdsk-Url-1 = {https://meltdownattack.com/},
	Bdsk-Url-2 = {https://spectreattack.com/}
}
% (CORPORATION, 2018) = lista de chips que ficarão sem correção.
@manual{
    Intel2018Microcode,
	Author = {Intel Corporation},
	Date-Added = {2018-04-03},
	Date-Modified = {2018-04-03},
	Month = {Abr.},
	Title = {Microcode Revision Guidance},
	Url = {https://newsroom.intel.com/wp-content/uploads/sites/11/2018/04/microcode-update-guidance.pdf},
	Urlaccessdate = {15 set. 2018},
	Year = {2018},
	Bdsk-Url-1 = {https://newsroom.intel.com/wp-content/uploads/sites/11/2018/04/microcode-update-guidance.pdf}
}
% ---------------------------------
% PROBLEMA E QUESTÃO DE PESQUISA
% ---------------------------------
% ---------------------------------
% OBJETIVOS
% ---------------------------------
% ---------------------------------
% PROCEDIMENTOS METODOLÓGICOS
% ---------------------------------
% ---------------------------------
% ORGANIZAÇÃO DO ARTIGO
% ---------------------------------
% ------------------------------------------------------------------------
% REFERENCIAL TEÓRICO
% ------------------------------------------------------------------------
% ---------------------------------
% CONTEXTUALIZAÇÃO
% ---------------------------------
% Lipp et al. (2018) = artigo do site oficial.
@inproceedings{
    Lipp2018Meltdown,
    author = {Moritz Lipp and Michael Schwarz and Daniel Gruss and Thomas Prescher and Werner Haas and Anders Fogh and Jann Horn and Stefan Mangard and Paul Kocher and Daniel Genkin and Yuval Yarom and Mike Hamburg},
    title = {Meltdown: Reading Kernel Memory from User Space},
    booktitle = {27th {USENIX} Security Symposium ({USENIX} Security 18)},
    year = {2018}
}
% Fogh (2017) = artigo de Anders mostrando o resultado negativo.
@misc{
    Anders2017Reading,
    Author = {Anders Fogh},
    Date-Added = {2017-07-28},
    Date-Modified = {2017-07-28},
    Howpublished = {Cyber WTF},
    Title = {Negative Result: Reading Kernel Memory From User Mode},
    Url = {https://cyber.wtf/2017/07/28/negative-result-reading-kernel-memory-from-user-mode/},
    Urlaccessdate = {02 jun 2019},
    Year = {2017},
    Bdsk-Url-1 = {https://cyber.wtf/2017/07/28/negative-result-reading-kernel-memory-from-user-mode/}
}
% (GREENBERG, 2018) = jornal Wired, com as entrevistas.
@misc{
    Andy2018Triple,
    Author = {Andy Greenberg},
    Date-Added = {2018-07-01},
    Date-Modified = {2018-07-01},
    Howpublished = {Wired, Condé Nast},
    Title = {TRIPLE MELTDOWN: HOW SO MANY RESEARCHERS FOUND A 20-YEAR-OLD CHIP FLAW AT THE SAME TIME},
    Url = {https://www.wired.com/story/meltdown-spectre-bug-collision-intel-chip-flaw-discovery/},
    Urlaccessdate = {02 jun 2019},
    Year = {2018},
    Bdsk-Url-1 = {https://www.wired.com/story/meltdown-spectre-bug-collision-intel-chip-flaw-discovery/}
}
% (CORPORATION, 2018a) = justifica as especulações de perda de desempenho.
@misc{
    Intel2018NewsIssues,
	Author = {Intel Corporation},
	Date-Added = {2018-01-04},
	Date-Modified = {2018-01-04},
	Howpublished = {News Byte},
	Keywords = {intel-news-002},
	Title = {Intel Issues Updates to Protect Systems from Security Exploits},
	Url = {https://newsroom.intel.com/news-releases/intel-issues-updates-protect-systems-security-exploits/},
	Urlaccessdate = {28 set 2018},
	Year = {2018},
	Bdsk-Url-1 = {https://newsroom.intel.com/news/}
}
% (CORPORATION, 2018c) = lista de afetados e informações atualizadas.
@misc{
    Intel2018SA00088,
	Author = {Intel Corporation},
	Date-Added = {2018-01-03},
	Date-Modified = {2018-04-04},
	Howpublished = {Intel Corporation},
	Keywords = {intel-sa-00088},
	Title = {Speculative Execution and Indirect Branch Prediction Side Channel Analysis Method},
	Url = {https://www.intel.com/content/www/us/en/security-center/advisory/intel-sa-00088.html},
	Urlaccessdate = {15 set 2018},
	Year = {2018},
	Bdsk-Url-1 = {https://www.intel.com/content/www/us/en/security-center/advisory/intel-sa-00088.html}
}
% ---------------------------------
% TRABALHOS RELACIONADOS
% ---------------------------------
% Foreshadow
@inproceedings{
    vanbulck2018foreshadow,
    author = {Van Bulck, Jo and Minkin, Marina and Weisse, Ofir and Genkin, Daniel and Kasikci, Baris and Piessens, Frank and Silberstein, Mark and Wenisch, Thomas F. and Yarom, Yuval and Strackx, Raoul},
    title = {Foreshadow: Extracting the Keys to the {Intel SGX} Kingdom with Transient Out-of-Order Execution},
    booktitle = {Proceedings of the 27th {USENIX} Security Symposium},
    year = {2018},
    month = {August},
    publisher = {{USENIX} Association},
    note={See also technical report Foreshadow-NG~\cite{weisse2018foreshadowNG}}
}
% Foreshadow-NG
@article{
    weisse2018foreshadowNG,
    author={Weisse, Ofir and Van Bulck, Jo and Minkin, Marina and  Genkin, Daniel and Kasikci, Baris and Piessens, Frank and Silberstein, Mark and Strackx, Raoul and Wenisch, Thomas F. and Yarom, Yuval},
    title={{Foreshadow-NG}: Breaking the Virtual Memory Abstraction with Transient Out-of-Order Execution},
    journal={Technical report},
    year={2018},
    note={See also {USENIX} Security paper Foreshadow~\cite{vanbulck2018foreshadow}}
}
% Foreshadow e Foreshadow-NG: site oficial.
@misc{
    foreshadowattack,
	Author = {Van Bulck, Jo and Minkin, Marina and Weisse, Ofir and Genkin, Daniel and Kasikci, Baris and Piessens, Frank and Silberstein, Mark and Wenisch, Thomas F. and Yarom, Yuval and Strackx, Raoul},
	Date-Added = {},
	Date-Modified = {},
	Howpublished = {Katholieke Universiteit te Leuven},
	Keywords = {foreshadowattack},
	Title = {Foreshadow},
	Url = {https://foreshadowattack.eu/},
	Urlaccessdate = {28 set 2018},
	Year = {2018},
	Bdsk-Url-1 = {https://foreshadowattack.eu/}
}
% Spoiler
@misc{
    islam2019spoiler,
    title={SPOILER: Speculative Load Hazards Boost Rowhammer and Cache Attacks},
    author={Saad Islam and Ahmad Moghimi and Ida Bruhns and Moritz Krebbel and Berk Gulmezoglu and Thomas Eisenbarth and Berk Sunar},
    year={2019},
    eprint={1903.00446},
    archivePrefix={arXiv},
    primaryClass={cs.CR}
}
% ZombieLoad
@article{
    Schwarz2019ZombieLoad,
    title = {{ZombieLoad}: Cross-Privilege-Boundary Data Sampling},
    author = {Schwarz, Michael and Lipp, Moritz and Moghimi, Daniel and Van Bulck, Jo and Stecklina, Julian and Prescher, Thomas and Gruss, Daniel},
    journal = {arXiv:1905.05726},
    year = {2019},
}
% RIDL
@inproceedings{
    ridl,
    title = {{RIDL}: Rogue In-flight Data Load},
    booktitle = {S\&{P}},
    author = {van Schaik, Stephan and Milburn, Alyssa and Österlund, Sebastian and Frigo, Pietro and Maisuradze, Giorgi and Razavi, Kaveh and Bos, Herbert and Giuffrida, Cristiano},
    month = may,
    year = {2019}
}
% FallOut
@article{
    fallout,
    title={{Fallout}: Reading Kernel Writes From User Space},
    author={Minkin, Marina and Moghimi, Daniel and Lipp, Moritz and Schwarz, Michael and Van Bulck, Jo, and Genkin, Daniel and Gruss, Daniel and Sunar, Berk and Piessens, Frank and Yarom, Yuval},
    year={2019}
}
% ---------------------------------
% FUNDAMENTAÇÃO TEÓRICA
% ---------------------------------
% ---------------------------------
% CONCLUSÃO PARCIAL
% ---------------------------------
% ------------------------------------------------------------------------
% REFERENCIAL METODOLÓGICO
% ------------------------------------------------------------------------
% ---------------------------------
% CLASSIFICAÇÃO DA PESQUISA
% ---------------------------------
% (AVILA-PIRES, 1987) = pesquisa básica.
@article{
    Fernando1987Por,
    title = {Por que é básica a pesquisa básica},
    journal = {Cad. Saúde Pública},
    author = {Fernando Dias de Avila-Pires},
    ISSN = {0102-311X},
    language = {pt},
    URL = {http://www.scielo.br/scielo.php?script=sci_arttext&pid=S0102-311X1987000400013&nrm=iso},
    volume = {3},
    year = {1987},
    month = {12},
    pages = {505 - 506},
    publisher = {scielo}
}
% (RAMPAZZO, 2005) = pesquisa explicativa.
@book{
    Rampazzo2005Metodologia,
    title = {Metodologia Científica},
    author = {Rampazzo, L.},
    isbn = {9788515024988},
    url = {https://books.google.com.br/books?id=rwyufjs\_DhAC},
    year = {2005},
    publisher = {Edições Loyola}
}
% (FONTELLES et al., 2009) = pesquisa quantitativa.
@article{
    Mauro2009Metodologia,
    title = {Metodologia da pesquisa científica: diretrizes para a elaboração de um protocolo de pesquisa},
    journal = {Revista Paraense de Medicina},
    author = {Mauro José Fontelles and Marilda Garcia Simões and Samantha Hasegawa Farias and Renata Garcia Simões Fontelles},
    language = {pt},
    URL = {http://bases.bireme.br/cgi-bin/wxislind.exe/iah/online/?IsisScript=iah/iah.xis&src=google&base=LILACS&lang=p&nextAction=lnk&exprSearch=588477&indexSearch=ID#refine},
    volume = {23},
    year = {2009},
    month = {07-09},
    publisher = {LILACS-Express}
}
% (FABIOLA; GARCIA, 2015) = bibliográfico, documental e experimental.
@article{
    Praca2015Metodologia,
    title = {Metodologia da pesquisa científica: organização estrutural e os desafios para redigir o trabalho de conclusão},
    author = {Praca Fabiola and Garcia},
    year = {2015},
    month = {07},
    pages = {72-87},
    volume = {8},
    journal = {Diálogos Acadêmicos}
}
% ---------------------------------
% CLASSIFICAÇÃO DOS PROCEDIMENTOS
% ---------------------------------
% Malerba (2010) = significado de exploit.
@article{
    Cesar2010Vulnerabilidades,
    author = {César Malerba},
    title = {Vulnerabilidades e exploits: técnicas, detecção e prevenção},
    journal = {Universidade Federal do Rio Grande do Sul},
    year = {2010},
    language = {pt},
    URL = {https://lume.ufrgs.br/handle/10183/26337?show=full},
    publisher = {Lume UFRGS}
}
% ------------------------------------------------------------------------
% TESTES E RESULTADOS
% ------------------------------------------------------------------------
% ---------------------------------
% T01
% ---------------------------------
% ---------------------------------
% T02
% ---------------------------------
% (CORPORATION, 2019b) = documentação da instrução _mm_clflush.
@manual{
    Intel2018Intrinsics,
	Author = {Intel Corporation},
	Date-Added = {2018-04-17},
	Date-Modified = {2019-04-17},
	Month = {Abr.},
	Title = {Intrinsics Guide},
	Url = {https://software.intel.com/sites/landingpage/IntrinsicsGuide/#text=_mm_clflush&expand=672},
	Urlaccessdate = {23 mai. 2019},
	Year = {2019},
	Bdsk-Url-1 = {https://software.intel.com/sites/landingpage/IntrinsicsGuide/#text=_mm_clflush&expand=672}
}
% ---------------------------------
% T03
% ---------------------------------
% Intel (2019a) = especificações do processador usado nos experimentos.
@manual{
    Intel2019Corei3,
	Author = {Intel Corporation},
	Date-Added = {2019-05-26},
	Date-Modified = {2019-05-26},
	Month = {Mai.},
	Title = {Intel® Core™ i3-5005U Processor},
	Url = {https://ark.intel.com/content/www/us/en/ark/products/84695/intel-core-i3-5005u-processor-3m-cache-2-00-ghz.html},
	Urlaccessdate = {26 mai. 2019},
	Year = {2019},
	Bdsk-Url-1 = {https://ark.intel.com/content/www/us/en/ark/products/84695/intel-core-i3-5005u-processor-3m-cache-2-00-ghz.html}
}
% CPU Wolrd (2016) = especificações do processador usado nos experimentos.
@manual{
    CPU2016Corei3,
	Author = {CPU World},
	Date-Added = {2016-11-07},
	Date-Modified = {2019-01-18},
	Month = {Nov.},
	Title = {Intel® Core™ i3-5005U Specifications},
	Url = {http://www.cpu-world.com/CPUs/Core_i3/Intel-Core20i3-5005U20Mobile20processor.html},
	Urlaccessdate = {26 mai. 2019},
	Year = {2016},
	Bdsk-Url-1 = {http://www.cpu-world.com/CPUs/Core_i3/Intel-Core20i3-5005U20Mobile20processor.html}
}
% Ubuntu (2019) = manual da função lscpu.
@manual{
    Ubuntu2019Lscpu,
	Author = {Cai Qian and Karel Zak and Heiko Carstens},
	Title = {Ubuntu Manuals - lscpu},
	Url = {http://manpages.ubuntu.com/manpages/xenial/man1/lscpu.1.html},
	Urlaccessdate = {26 mai. 2019},
	Year = {2019},
	Bdsk-Url-1 = {http://manpages.ubuntu.com/manpages/xenial/man1/lscpu.1.html}
}
% ---------------------------------
% T04
% ---------------------------------
% ---------------------------------
% DISCUSSÃO
% ---------------------------------
% ------------------------------------------------------------------------
% NÃO UTILIZADOS
% ------------------------------------------------------------------------